<record><leader>00000cas a22000007a 4500</leader><controlfield tag="001">17345448</controlfield><controlfield tag="008">880114d19421950paumn ne      0    0eng d</controlfield><datafield ind1=" " ind2=" " tag="010"><subfield code="a">sn 88079019 </subfield></datafield><datafield ind1=" " ind2=" " tag="040"><subfield code="a">NPH</subfield><subfield code="b">eng</subfield><subfield code="c">NPH</subfield><subfield code="d">OCLCQ</subfield></datafield><datafield ind1=" " ind2=" " tag="042"><subfield code="a">msc</subfield></datafield><datafield ind1="0" ind2=" " tag="130"><subfield code="a">Home front (Delaware Water Gap, Pa.)</subfield></datafield><datafield ind1="1" ind2="4" tag="245"><subfield code="a">The home front.</subfield></datafield><datafield ind1=" " ind2=" " tag="260"><subfield code="a">Delaware Water Gap, Pa. :</subfield><subfield code="b">[s.n.],</subfield><subfield code="c">1942-1950.</subfield></datafield><datafield ind1=" " ind2=" " tag="300"><subfield code="a">v. :</subfield><subfield code="b">ill. ;</subfield><subfield code="c">28 cm.</subfield></datafield><datafield ind1=" " ind2=" " tag="310"><subfield code="a">Monthly (during July through Oct.),</subfield><subfield code="b">&lt;1950&gt;</subfield></datafield><datafield ind1=" " ind2=" " tag="321"><subfield code="a">Monthly,</subfield><subfield code="b">Apr. 1942-Dec. 1945</subfield></datafield><datafield ind1="0" ind2=" " tag="362"><subfield code="a">[Vol. 1, no. 1] (Apr. 1942)- ; -issue 5 (Oct. 1950).</subfield></datafield><datafield ind1=" " ind2=" " tag="500"><subfield code="a">"A Delaware Water Gap, Pa. newspaper for local boys in the service."</subfield></datafield><datafield ind1=" " ind2=" " tag="500"><subfield code="a">Editor: Mildred Buzzard.</subfield></datafield><datafield ind1=" " ind2=" " tag="752"><subfield code="a">United States</subfield><subfield code="b">Pennsylvania</subfield><subfield code="c">Monroe</subfield><subfield code="d">Delaware Water Gap.</subfield></datafield><datafield ind1="1" ind2=" " tag="029"><subfield code="a">AU@</subfield><subfield code="b">000025786899</subfield></datafield></record>